<record><leader>00000cas a22000007a 4500</leader><controlfield tag="001">37487979</controlfield><controlfield tag="008">970818d19uu1931okuwr n       0    0eng d</controlfield><datafield ind1=" " ind2=" " tag="010"><subfield code="a">sn 97070186 </subfield></datafield><datafield ind1=" " ind2=" " tag="040"><subfield code="a">OBN</subfield><subfield code="b">eng</subfield><subfield code="c">OBN</subfield><subfield code="d">OCLCQ</subfield><subfield code="d">OCLCF</subfield><subfield code="d">OCLCO</subfield></datafield><datafield ind1="1" ind2=" " tag="029"><subfield code="a">AU@</subfield><subfield code="b">000013435008</subfield></datafield><datafield ind1=" " ind2=" " tag="042"><subfield code="a">msc</subfield></datafield><datafield ind1=" " ind2=" " tag="043"><subfield code="a">n-us-ok</subfield></datafield><datafield ind1="0" ind2=" " tag="130"><subfield code="a">Wynnewood gazette (Wynnewood, Okla. : 1921)</subfield></datafield><datafield ind1="1" ind2="4" tag="245"><subfield code="a">The Wynnewood gazette.</subfield></datafield><datafield ind1=" " ind2=" " tag="260"><subfield code="a">Wynnewood, Garvin County, Okla. :</subfield><subfield code="b">J.N. Squiers</subfield></datafield><datafield ind1=" " ind2=" " tag="300"><subfield code="a">v.</subfield></datafield><datafield ind1=" " ind2=" " tag="310"><subfield code="a">Weekly</subfield></datafield><datafield ind1="0" ind2=" " tag="362"><subfield code="a">-v. 25, no. 37 (Feb. 26, 1931).</subfield></datafield><datafield ind1=" " ind2=" " tag="588"><subfield code="a">Description based on: Vol. 16, no. 20 (Nov. 3, 1921).</subfield></datafield><datafield ind1=" " ind2="0" tag="651"><subfield code="a">Wynnewood (Okla.)</subfield><subfield code="v">Newspapers.</subfield></datafield><datafield ind1=" " ind2="0" tag="651"><subfield code="a">Garvin County (Okla.)</subfield><subfield code="v">Newspapers.</subfield></datafield><datafield ind1=" " ind2="7" tag="655"><subfield code="a">Newspapers.</subfield><subfield code="2">fast</subfield><subfield code="0">(OCoLC)fst01423814</subfield></datafield><datafield ind1=" " ind2="7" tag="651"><subfield code="a">Oklahoma</subfield><subfield code="z">Garvin County.</subfield><subfield code="2">fast</subfield><subfield code="0">(OCoLC)fst01219311</subfield></datafield><datafield ind1=" " ind2="7" tag="651"><subfield code="a">Oklahoma</subfield><subfield code="z">Wynnewood.</subfield><subfield code="2">fast</subfield><subfield code="0">(OCoLC)fst01220321</subfield></datafield><datafield ind1=" " ind2=" " tag="752"><subfield code="a">United States</subfield><subfield code="b">Oklahoma</subfield><subfield code="c">Garvin</subfield><subfield code="d">Wynnewood.</subfield></datafield><datafield ind1="0" ind2="0" tag="780"><subfield code="t">State gazette (Wynnewood, Okla.)</subfield><subfield code="w">(DLC)sn 97070185</subfield><subfield code="w">(OCoLC)37487934</subfield></datafield><datafield ind1="0" ind2="7" tag="785"><subfield code="t">New era farmer</subfield><subfield code="w">(DLC)sn 97070184</subfield><subfield code="w">(OCoLC)37487888</subfield></datafield><datafield ind1="0" ind2="7" tag="785"><subfield code="t">Wynnewood gazette and the new era farmer</subfield><subfield code="w">(DLC)sn 97070187</subfield><subfield code="w">(OCoLC)37488018</subfield></datafield></record>